%% This BibTeX bibliography file was created using BibDesk.
%% http://bibdesk.sourceforge.net/


%% Created for Olivier Commowick at 2008-06-16 21:02:37 -0400 


@book{oka,
  author = "Chris Okasaki",
  publisher = "Cambridge University Press",
  title = "Purely Functional Data Structures",
  isbn = {0521663504},
  year = "1998",
}


% ------------------------------------------------------------------------

@INPROCEEDINGS{treap,
    author = "Seidel, Raimund and Aragon, Cecilia R.",
    title = "Randomized Search Trees",
    booktitle = "Algorithmica",
    year = "1996",
    pages = "540--545"
}

@INPROCEEDINGS{bagwell-lists,
 author = "Phil Bagwell",
 title = "Fast Functional Lists, Hash-Lists, Deques and Variable Length Arrays",
 booktitle = "Implementation of Functional Languages, 14th International Workshop",
 year = "2002",
 pages = "34--50"
}

@INPROCEEDINGS{planet,
 author = "Jacob Matthews",
 title = "Component Deployment with PLaneT You Want it Where?",
 booktitle = "Workshop on Scheme and Functional Programming",
 year = "2006",
 pages = "157--165"
}

@TechReport{bagwell-trie,
 author = "Phil Bagwell",
 institution = "Ecole Polytechnique Federale de Lausanne",
 title = "Fast And Space Efficient Trie Searches",
 number = {LAMP-REPORT-2000-001},
 booktitle = "Technical Report, 2000/334",
 year = "2000"
}

@TechReport{hood-mel,
 author = "Hood, Robert T. and Melville, Robert C.",
 title = "Real Time Queue Operations in Pure LISP",
 year = "1980",
 publisher = "Cornell University",
 address = "Ithaca, NY, USA",
 institution = "Cornell University"
 }

 @article{pairing,
 author = "Fredman, Michael L. and Sedgewick, Robert and Sleator, Daniel D. and Tarjan, Robert E.",
 title = "The pairing heap: a new form of self-adjusting heap",
 journal = "Algorithmica",
 volume = "1",
 number = "1",
 year = "1986",
 pages = "111--129",
 publisher = "Springer-Verlag New York, Inc.",
 address = "Secaucus, NJ, USA"
 }

@article{skew,
  author    = "Eugene W. Myers",
  title     = "An Applicative Random-Access Stack",
  journal   = "Information Processing Letters",
  volume    = "17",
  number    = "5",
  year      = "1983",
  pages     = "241-248"
}


@article{vuillemin,
 author = "Vuillemin, Jean",
 title = "A data structure for manipulating priority queues",
 journal = "Communications of the ACM",
 volume = "21",
 number = "4",
 year = "1978",
 pages = "309--315",
 publisher = "ACM",
 address = "New York, NY, USA"
 }

@article{brown,
 author = "Mark R. Brown",
 title = "Implementation and Analysis of Binomial Queue Algorithms",
 publisher = "SIAM",
 year = "1978",
 journal = "SIAM Journal on Computing",
 volume = "7",
 number = "3",
 pages = "298-319"
}

@phdthesis{crane,
 author = "Crane, Clark Allan",
 title = "Linear lists and priority queues as balanced binary trees",
 year = "1972",
 order_no = "AAI7220697",
 publisher = "Stanford University",
 school = "Stanford University",
 address = "Stanford, CA, USA"
 }


@article{sla,
 author = "Sleator, Daniel Dominic and Tarjan, Robert Endre",
 title = "Self-adjusting binary search trees",
 journal = "Journal of the ACM",
 volume = "32",
 number = "3",
 year = "1985",
 pages = "652--686",
 publisher = "ACM",
 address = "New York, NY, USA"
 }

 @inproceedings{kaplan-tarjan,
 author = "Kaplan, Haim and Tarjan, Robert E.",
 title = "Persistent lists with catenation via recursive slow-down",
 booktitle = "STOC '95: Proceedings of the twenty-seventh annual ACM symposium on Theory of computing",
 year = "1995",
 pages = "93--102",
 location = "Las Vegas, Nevada, United States",
 publisher = "ACM",
 address = "New York, NY, USA"
 }

@article{oka-red-black,
 author = "Okasaki, Chris",
 title = "Red-black trees in a functional setting",
 journal = "Journal of Functional Programming",
 volume = "9",
 number = "4",
 year = "1999",
 pages = "471--477",
 publisher = "Cambridge University Press",
 address = "New York, NY, USA"
 }

@article{red-black,
  author    = {Rudolf Bayer},
  title     = {Symmetric Binary B-Trees: Data Structure and Maintenance
               Algorithms},
  journal   = {Acta Informatica},
  volume    = {1},
  year      = {1972},
  pages     = {290-306},
  bibsource = {DBLP, http://dblp.uni-trier.de}
}


@article{finger,
 author = "Hinze, Ralf and Paterson, Ross",
 title = "Finger trees: a simple general-purpose data structure",
 journal = "Journal of Functional Programming",
 volume = "16",
 issue = "2",
 year = "2006",
 pages = "197--217",
 numpages = "21",
 publisher = "Cambridge University Press",
 address = "New York, NY, USA"
} 


@article{thf-popl,
 author = {Tobin-Hochstadt, Sam and Felleisen, Matthias},
 title = {The design and implementation of Typed Scheme},
 booktitle = {Proceedings of the 35th annual ACM SIGPLAN-SIGACT Symposium on Principles of Programming Languages},
 series = {POPL '08},
 year = {2008},
 location = {San Francisco, California, USA},
 pages = {395--406},
 numpages = {12},
 acmid = {1328486},
 publisher = {ACM},
}

@inproceedings{thf-dls,
 author = "Tobin-Hochstadt, Sam and Felleisen, Matthias",
 title = "Interlanguage migration: from scripts to programs",
 booktitle = "OOPSLA '06: Companion to the 21st ACM SIGPLAN symposium on Object-oriented programming systems, languages, and applications",
 year = "2006",
 pages = "964--974",
 location = "Portland, Oregon, USA",
 publisher = "ACM",
 address = "New York, NY, USA"
 }

@phdthesis{th-diss,
 author = "Tobin-Hochstadt, Sam",
 title = "Typed Scheme: From Scripts to Programs",
 year = "2010",
 publisher = "Northeastern University",
 address = "Boston, MA, USA",
 school = "Northeastern University"
 }

@article{Seidel,
author = "C.R. Aragon and R.G. Seidel",
title = "Randomized Search Trees",
journal ="Annual IEEE Symposium on Foundations of Computer Science",
year = "1989",
pages = "540--545",
publisher = "IEEE Computer Society",
address = "Los Alamitos, CA, USA"
}

%@MISC{dvh-ra,
%author = "Van Horn, David",
%title = "Purely Functional Random-Access Lists",
%year = "2009",
%howpublished = "PLaneT Package Repository",
%url = "http://planet.plt-scheme.org/display.ss?package=ralist.plt&owner=dvanhorn"
%}
% 
%@MISC{wmf-ph,
%author = "Farr, Will M.",
%title = "Pairing Heap",
%year = "2007",
%howpublished = "PLaneT Package Repository",
%url = "http://planet.plt-scheme.org/display.ss?package=pairing-heap.plt&owner=wmfarr"
%}
% 
%@MISC{galore,
%author = "Axel Soegaard, Jens",
%title = "Galore",
%year = "2009",
%howpublished = "PLaneT Package Repository",
%url = "http://planet.plt-scheme.org/display.ss?package=galore.plt&owner=soegaard"
%}
% 
%@MISC{cce-queue,
%author = "Carl Eastlund",
%title = "Scheme Utilities",
%year = "2010",
%howpublished = "PLaneT Package Repository"
%}

@inproceedings{stf-esop,
 author = {T. Stephen Strickland and Sam Tobin-Hochstadt and Matthias Felleisen},
 title = {Practical Variable-Arity Polymorphism},
 booktitle = {Programming Languages and Systems: ESOP 2009},
 series = {Lecture Notes in Computer Science},
 volume = {5502},
 pages = {32--46},
 year = 2009,
}

@ARTICLE{bagwell-tries,
    author = "Phil Bagwell",
    title = "Ideal Hash Trees",
    journal = "Es Grands Champs",
    year = "2001",
    volume = "1195"
}

@conference{hickey,
author = {Rich Hickey},
 title = {The Clojure programming language},
 booktitle = {Proceedings of the Symposium on Dynamic languages},
 series = {DLS '08},
 year = {2008},
 location = {Paphos, Cyprus},
 pages = {1:1--1:1},
 articleno = {1},
 numpages = {1},
}

%@techreport{planet,
%  title       = "Reference: Racket",
%  author      = "Matthew Flatt and PLT",
%  number      = "PLT-TR-2010-1",
%  institution = "PLT Inc.",
%  year        = "2010",
%  note        = "\url{http://racket-lang.org/tr1/}"
%}

@misc{okas-ml,
  author = "Chris Okasaki",
  title = "Purely Functional Data Structures in ML",
  year  = "1998",
  howpublished = "\url{http://www.eecs.usma.edu/webs/people/okasaki/pfds-sml.tar.gz}"
}

@misc{okas-mlhkl,
  author = "Chris Okasaki",
  title = "Purely Functional Data Structures in ML and Haskell",
  year  = "1998",
  howpublished = "\url{http://www.eecs.usma.edu/webs/people/okasaki/pubs.html#cup98}"
}

@misc{mottl,
  author = "Markus Mottl ",
  title = "Purely Functional Data Structures in OCaml",
  year  = "2008",
  howpublished = "\url{http://www.ocaml.info/home/ocaml_sources.html#toc20}"
}


@INPROCEEDINGS{catenable,
    author = {Chris Okasaki},
    title = {Amortization, Lazy Evaluation, and Persistence: Lists with Catenation via Lazy Linking},
    booktitle = {IEEE Symposium on Foundations of Computer Science},
    year = {1995},
    pages = {646--654},
    publisher = {IEEE Computer Society Press}
}
